@url {FusekiManual,
	Title = {Fuseki Manual},
    Date-Added = {2015-01-06 13:31:00 +0100},
    Date-Modified = {2015-01-06 13:31:00 +0100},
    Url = {http://jena.apache.org/documentation/serving_data/}
}
        
@misc{ bouza:movieontology,
	author = "Amancio Bouza",
	title = "MO â€“ the Movie Ontology",
	year = 2010,
	url = "http://www.movieontology.org",
	note = "[Online; 26. Jan. 2010]"
}

@misc{ w3c:sparql,
  author = {Steve Harris and Andy Seaborne and Eric Prud'hommeaux},
  title = "SPARQL 1.1 Query Language",
  year = 2013,
  url = "\url{http://www.w3.org/TR/sparql11-query/}",
  note = "[Online; 21. Mar. 2013]"
}

@ARTICLE{dbpedia-swj,
  author = {Jens Lehmann and Robert Isele and Max Jakob and Anja Jentzsch and Dimitris Kontokostas and Pablo N. Mendes and Sebastian Hellmann and Mohamed Morsey and Patrick van Kleef and S{\"o}ren Auer and Christian Bizer},
  title = {{DBpedia} - A Large-scale, Multilingual Knowledge Base Extracted from Wikipedia},
  journal = {Semantic Web Journal},
  year = {2014},
}

@url {dbpedia:person,
	Title = {About: persona},
    Date-Added = {2015-01-18 10:47:00 +0100},
    Date-Modified = {2015-01-18 10:47:00 +0100},
    Url = {http://dbpedia.org/ontology/Person},
    author = {{No author given}},
    year = {{No year given}},
}

@webpage{jena:tdb,
	Date-Added = {2015-01-20 17:14:37 +0000},
	Date-Modified = {2015-01-20 17:17:46 +0000},
	Lastchecked = {20.1.2015},
	Url = {https://jena.apache.org/documentation/tdb/index.html},
	Year = {n.Y.}
}

@webpage{jena:arq,
	Date-Added = {2015-01-20 17:14:37 +0000},
	Date-Modified = {2015-01-20 17:17:46 +0000},
	Lastchecked = {20.1.2015},
	Url = {https://jena.apache.org/documentation/query/index.html},
	Year = {n.Y.}
}

@webpage{jena:ontology,
	Date-Added = {2015-01-20 17:14:37 +0000},
	Date-Modified = {2015-01-20 17:17:46 +0000},
	Lastchecked = {20.1.2015},
	Url = {https://jena.apache.org/documentation/ontology/},
	Year = {n.Y.}
}

@webpage{jena:inference,
	Date-Added = {2015-01-20 17:14:37 +0000},
	Date-Modified = {2015-01-20 17:17:46 +0000},
	Lastchecked = {20.1.2015},
	Url = {http://jena.apache.org/documentation/inference/},
	Year = {n.Y.}
}

@webpage{jena:fuseki,
	Date-Added = {2015-01-20 17:14:37 +0000},
	Date-Modified = {2015-01-20 17:17:46 +0000},
	Lastchecked = {20.1.2015},
	Url = {https://jena.apache.org/documentation/serving_data/},
	Year = {n.Y.}
}